<?xml version="1.0" encoding="utf-8"?>
<record xmlns="http://www.loc.gov/MARC21/slim" xmlns:xsi="http://www.w3.org/2001/XMLSchema-instance" xsi:schemaLocation="http://www.loc.gov/MARC21/slim http://www.loc.gov/standards/marcxml/schema/MARC21slim.xsd">
	<leader>     nam a22        4500</leader>
	<controlfield tag="001">b12783742</controlfield>
	<controlfield tag="003">LeBAU</controlfield>
	<controlfield tag="006">m        d        </controlfield>
	<controlfield tag="007">cr cn |||m|||a</controlfield>
	<controlfield tag="008">161219m19311947ua      o     ||0 0 ara d</controlfield>
	<datafield ind1=" " ind2=" " tag="040">
		<subfield code="a">NNU</subfield>
		<subfield code="b">ara</subfield>
		<subfield code="e">rda</subfield>
		<subfield code="c">NNU</subfield>
	</datafield>
	<datafield ind1="0" ind2="4" tag="082">
		<subfield code="a">956.01</subfield>
		<subfield code="2">22</subfield>
	</datafield>
	<datafield ind1="1" ind2=" " tag="100">
		<subfield code="6">880-01</subfield>
		<subfield code="a">Zaydān, Jirjī,</subfield>
		<subfield code="d">1861-1914,</subfield>
		<subfield code="e">author.</subfield>
	</datafield>
	<datafield ind1="1" ind2="0" tag="245">
		<subfield code="6">880-02</subfield>
		<subfield code="a">Tārīkh al-tamaddun al-Islāmī :</subfield>
		<subfield code="b">wa-huwa yabḥathu fī nushū’ al-dawlah al-Islāmīyah wa-tārīkh maṣāliḥuhā al-idārīyah wa-al-siyāsīyah wa-al-jundīyah wa-bayān tharwatuhā wa-tārīkh al-‘ilm wa-al-adab wa-al-tijārah wa-al-ṣinā‘ah fīhā wa-niẓām al-hay’ah al-ijtimā‘īyah wa-ādābuhā wa-al-‘ādāt wa-al-akhlāq ilakh /</subfield>
		<subfield code="c">taʼlīf Jirjī Zaydān munshi’ al-Hilāl.</subfield>
	</datafield>
	<datafield ind1=" " ind2="1" tag="264">
		<subfield code="6">880-03</subfield>
		<subfield code="a">Miṣr :</subfield>
		<subfield code="b">Maṭba‘at al-Hilāl,</subfield>
		<subfield code="c">1931-1947.</subfield>
	</datafield>
	<datafield ind1=" " ind2=" " tag="300">
		<subfield code="6">880-04</subfield>
		<subfield code="a">online resource (5 volumes)</subfield>
	</datafield>
	<datafield ind1=" " ind2=" " tag="336">
		<subfield code="a">text</subfield>
		<subfield code="2">rdacontent</subfield>
	</datafield>
	<datafield ind1=" " ind2=" " tag="337">
		<subfield code="a">computer</subfield>
		<subfield code="2">rdamedia</subfield>
	</datafield>
	<datafield ind1=" " ind2=" " tag="338">
		<subfield code="a">online resource</subfield>
		<subfield code="2">rdacarrier</subfield>
	</datafield>
	<datafield ind1=" " ind2=" " tag="500">
		<subfield code="a">الجزء الأول: في نشوء الدولة الإسلامية وسعة مملكتها وإحصائها وتاريخ مصالحها الإدارية والسياسية والمالية والجندية وغيرها؛ الجزء الثاني: في ثروة الدولة الإسلامية وثروة رجال حكومتها وخلفائها وأسباب إنحطاطها وثروة المملكة ومدنها وقراها، الجزء الثالث: في العلم والأدب وما كان منهما عند العرب قبل الإسلام وما أحدثه الإسلام من التغيير والقرائح والعقول وما نقل عن اللغات الأجنبية من العلوم وما كان من تأثير التمدن الإسلاتمي في كل ذلك؛ الجزء الرابع: في سياسة الدولة وتنازع رجالها على السيادة، ويشمل النظر في دول الخلفاء من عهد الراشدين فالأمويين فالعباسيين فالأندلسيين فالفاطميين وسياسة كل منها في تأييد سلطانها ومعاملة رعاياها وخصوصاً الخلافة العباسية مع علاقتها بما عاصرها من الإمارات والسلطنات غير العربية على إختلاف العصور؛ الجزء الخامس:في نظام الإجتماع وطبقات الناس والآداب الإجتماعية والمعيشة العائلية وحضارة المملكة وآثار المدنية وأبهة الدولة ومظاهر العظمة والفخامة.</subfield>
	</datafield>
	<datafield ind1=" " ind2=" " tag="500">
		<subfield code="a">الجزء الثاني والرابع: الطبعة الخامسة، 1947؛ الجزء.</subfield>
	</datafield>
	<datafield ind1=" " ind2=" " tag="500">
		<subfield code="a">Part of the Arabic Collections Online (ACO) project, contributed by American University of Beirut's Jafet Memorial Library.</subfield>
	</datafield>
	<datafield ind1=" " ind2=" " tag="533">
		<subfield code="a">Electronic reproduction.</subfield>
		<subfield code="b">New York, N.Y. :</subfield>
		<subfield code="c">New York University,</subfield>
		<subfield code="d">2016.</subfield>
		<subfield code="5">NNU</subfield>
	</datafield>
	<datafield ind1=" " ind2=" " tag="590">
		<subfield code="a">تم تجليد الأجزاء الخمسة في مجلدين.</subfield>
	</datafield>
	<datafield ind1=" " ind2="4" tag="650">
		<subfield code="a">الحضارة الاسلامية.</subfield>
	</datafield>
	<datafield ind1=" " ind2="4" tag="650">
		<subfield code="a">الأمويون.</subfield>
	</datafield>
	<datafield ind1=" " ind2="4" tag="650">
		<subfield code="a">العباسيون.</subfield>
	</datafield>
	<datafield ind1=" " ind2="0" tag="650">
		<subfield code="a">Islamic civilization.</subfield>
	</datafield>
	<datafield ind1=" " ind2="0" tag="650">
		<subfield code="a">Umayyad dynasty.</subfield>
	</datafield>
	<datafield ind1=" " ind2="0" tag="650">
		<subfield code="a">Abbasids.</subfield>
	</datafield>
	<datafield ind1=" " ind2="4" tag="651">
		<subfield code="a">الامبراطورية الاسلامية</subfield>
		<subfield code="x">تاريخ.</subfield>
	</datafield>
	<datafield ind1=" " ind2="0" tag="651">
		<subfield code="a">Islamic Empire</subfield>
		<subfield code="x">History.</subfield>
	</datafield>
	<datafield ind1="2" ind2=" " tag="710">
		<subfield code="a">Jafet Memorial Library.</subfield>
	</datafield>
	<datafield ind1="0" ind2=" " tag="730">
		<subfield code="a">Arabic Collections Online.</subfield>
	</datafield>
	<datafield ind1="0" ind2="8" tag="776">
		<subfield code="i">Print version:</subfield>
		<subfield code="a">Zaydān, Jirjī, 1861-1914, author.</subfield>
		<subfield code="t">Tārīkh al-tamaddun al-Islāmī</subfield>
		<subfield code="w">(LeBAU)b12783742</subfield>
	</datafield>
	<datafield ind1="4" ind2="0" tag="856">
		<subfield code="u">http://hdl.handle.net/2333.1/44j0ztm6</subfield>
	</datafield>
	<datafield ind1="1" ind2=" " tag="880">
		<subfield code="6">100-01/(3/r</subfield>
		<subfield code="a">زيدان، جرجي،</subfield>
		<subfield code="d">1861-1914،</subfield>
		<subfield code="e">مؤلف. </subfield>
		<subfield code="4">aut.</subfield>
	</datafield>
	<datafield ind1="1" ind2="0" tag="880">
		<subfield code="6">245-02/(3/r</subfield>
		<subfield code="a">تاريخ التمدن الإسلامي :</subfield>
		<subfield code="b">وهو يبحث في نشوء الدولة الإسلامية وتاريخ مصالحها الإدارية و السياسية و الجندية وبيان ثروتها وتاريخ العلم و الأدب و التجارة و الصناعة فيها ونظام الهيأة الإجتماعية وآدابها و العادات و الأخلاق إلخ /</subfield>
		<subfield code="c">تأليف جرجي زيدان منشئ الهلال.</subfield>
	</datafield>
	<datafield ind1=" " ind2="1" tag="880">
		<subfield code="6">264-03/(3/r</subfield>
		<subfield code="a">القاهرة :</subfield>
		<subfield code="b">مطبعة الهلال،</subfield>
		<subfield code="c">1931-1947.</subfield>
	</datafield>
	<datafield ind1=" " ind2=" " tag="880">
		<subfield code="6">300-04/(3/r</subfield>
		<subfield code="a">5 أجزاء ؛</subfield>
		<subfield code="c">24 سم</subfield>
	</datafield>
	<datafield ind1=" " ind2=" " tag="959">
		<subfield code="a">NNU</subfield>
		<subfield code="b">WEB</subfield>
		<subfield code="c">GENI</subfield>
		<subfield code="t">0</subfield>
		<subfield code="m">Electronic access</subfield>
		<subfield code="s">01</subfield>
	</datafield>
	<datafield ind1=" " ind2=" " tag="999">
		<subfield code="i">LeBAU_b12783742</subfield>
		<subfield code="s">aub_aco000250:v.1-2</subfield>
		<subfield code="s">aub_aco000251:v.3-5</subfield>
		<subfield code="e">(ERROR-MISC)</subfield>
	</datafield>
</record>
